<record><leader>00000cas a2200000 a 4500</leader><controlfield tag="001">37365429</controlfield><controlfield tag="008">970728d1944194uvtumr ne      0    0eng c</controlfield><datafield ind1=" " ind2=" " tag="010"><subfield code="a">sn 97067543 </subfield></datafield><datafield ind1=" " ind2=" " tag="040"><subfield code="a">NVN</subfield><subfield code="b">eng</subfield><subfield code="c">NVN</subfield><subfield code="d">OCLCQ</subfield><subfield code="d">OCLCF</subfield><subfield code="d">OCLCO</subfield></datafield><datafield ind1="1" ind2=" " tag="029"><subfield code="a">AU@</subfield><subfield code="b">000013409261</subfield></datafield><datafield ind1=" " ind2=" " tag="042"><subfield code="a">pcc</subfield></datafield><datafield ind1=" " ind2=" " tag="043"><subfield code="a">n-us-vt</subfield></datafield><datafield ind1="0" ind2="0" tag="245"><subfield code="a">Monthly news letter to the girls and boys in service.</subfield></datafield><datafield ind1="1" ind2="3" tag="246"><subfield code="a">Monthly newsletter to the girls and boys in service</subfield></datafield><datafield ind1="1" ind2=" " tag="246"><subfield code="i">Issue for Apr. 1944 called:</subfield><subfield code="a">Third newsletter</subfield></datafield><datafield ind1="1" ind2=" " tag="246"><subfield code="i">Issues for May 1944-Mar. 1945 called:</subfield><subfield code="a">Monthly news letter to the boys and girls in service</subfield></datafield><datafield ind1="1" ind2=" " tag="246"><subfield code="i">Issues for Apr. 1945-Feb. 1946 called:</subfield><subfield code="a">News letter to the boys and girls in service</subfield></datafield><datafield ind1="1" ind2=" " tag="246"><subfield code="i">Issue for Mar. 1946 called:</subfield><subfield code="a">News letter</subfield></datafield><datafield ind1=" " ind2=" " tag="260"><subfield code="a">Castleton, Vt. :</subfield><subfield code="b">[Castleton Town Manager's Office]</subfield></datafield><datafield ind1=" " ind2=" " tag="300"><subfield code="a">v.</subfield></datafield><datafield ind1=" " ind2=" " tag="310"><subfield code="a">Monthly</subfield></datafield><datafield ind1="0" ind2=" " tag="362"><subfield code="a">Feb. 1944-</subfield></datafield><datafield ind1=" " ind2=" " tag="500"><subfield code="a">All articles and news items were contributed by various organizations and individuals in the community.</subfield></datafield><datafield ind1=" " ind2="0" tag="651"><subfield code="a">Castleton (Vt. : Town)</subfield><subfield code="v">Newspapers.</subfield></datafield><datafield ind1=" " ind2="7" tag="655"><subfield code="a">Newspapers.</subfield><subfield code="2">fast</subfield><subfield code="0">(OCoLC)fst01423814</subfield></datafield><datafield ind1=" " ind2="7" tag="651"><subfield code="a">Vermont</subfield><subfield code="z">Castleton (Town)</subfield><subfield code="2">fast</subfield><subfield code="0">(OCoLC)fst01332107</subfield></datafield><datafield ind1=" " ind2=" " tag="752"><subfield code="a">United States</subfield><subfield code="b">Vermont</subfield><subfield code="c">Rutland</subfield><subfield code="d">Castleton.</subfield></datafield></record>